@book{Bernstein:2008:PQC:1522375,
 author = {Bernstein, Daniel J. and Buchmann, Johannes and Dahmen, Erik},
 title = {Post Quantum Cryptography},
 year = {2008},
 isbn = {3540887016, 9783540887010},
 edition = {1st},
 publisher = {Springer Publishing Company, Incorporated},
}

@inproceedings{Buchmann:2011:SWO:2026469.2026501,
 author = {Buchmann, Johannes and Dahmen, Erik and
  Ereth, Sarah and Hülsing, Andreas and Rückert, Markus},
 title = {{On the Security of the Winternitz One-time Signature Scheme}},
 booktitle = {Proceedings of the 4th International Conference on
  Progress in Cryptology in Africa},
 series = {AFRICACRYPT'11},
 year = {2011},
 isbn = {978-3-642-21968-9},
 location = {Dakar, Senegal},
 pages = {363--378},
 url = {http://dl.acm.org/citation.cfm?id=2026469.2026501},
 publisher = {Springer-Verlag},
 address = {Berlin, Heidelberg},
}
