@book{Goldreich2004,
 address = {New York, NY, USA},
 author = {Goldreich, Oded},
 isbn = {0521830842},
 publisher = {Cambridge University Press},
 title = {{Foundations of Cryptography: Volume 2, Basic Applications}},
 year = {2004}
}

@patent{Merkle1982,
 author = {Merkle, Ralph C.},
 institution = {Leland Stanford Junior University},
 note = {US Patent 4,309,569},
 pages = {5},
 publisher = {United States Government},
 title = {{Method of providing digital signatures}},
 url = {https://www.google.com/patents/US4309569},
 year = {1982}
}

@inproceedings{Buchmann2011,
 address = {Taipei, Taiwan},
 author = {Buchmann, Johannes and Dahmen, Erik and Hülsing, Andreas},
 booktitle = {PQCrypto 2011},
 doi = {10.1007/978-3-642-25405-5_8},
 editor = {{Bo-Yin} Yang},
 isbn = {9783642254048},
 pages = {117--129},
 publisher = {Springer-Verlag Berlin Heidelberg},
 title = {{XMSS -- A practical forward secure signature scheme
  based on minimal security assumptions}},
 url = {dx.doi.org/10.1007/978-3-642-25405-5{\_}8},
 year = {2011}
}

@article{Dods2005,
 author = {Dods, Chris and Smart, Nigel and Stam, Martijn},
 doi = {10.1007/11586821_8},
 journal = {Lecture Notes in Computer Science},
 pages = {96--115},
 title = {{Hash Based Digital Signature Schemes}},
 url = {dx.doi.org/10.1007/11586821{\_}8},
 volume = {3796},
 year = {2005}
}

@article{Lamport1979,
 author = {Lamport, Leslie},
 journal = {SRI International},
 title = {{Constructing Digital Signatures from a One Way Function}},
 url = {https://www.microsoft.com/en-us/research/publication/constructing-digital-signatures-one-way-function/},
 year = {1979}
}

@article{Buchmann2007,
 author = {Buchmann, Johannes and Dahmen, Erik and Klintsevich, Elena
  and Okeya, Katsuyuki and Vuillaume, Camille},
 doi = {10.1007/978-3-540-72738-5_3},
 journal = {Lecture Notes in Computer Science},
 pages = {31--45},
 title = {{Merkle Signatures with Virtually Unlimited Signature Capacity}},
 url = {dx.doi.org/10.1007/978-3-540-72738-5{\_}3},
 volume = {4521},
 year = {2007}
}

@inproceedings{Buchmann2006,
 address = {Kolkata, India},
 author = {Buchmann, Johannes and Coronado García, Luis Carlos
  and Dahmen, Erik and Döring, Martin and Klintsevich, Elena},
 booktitle = {Progress in Cryptology - INDOCRYPT 2006},
 doi = {10.1007/11941378_25},
 editor = {Rana Barua and Tanja Lange},
 pages = {349--363},
 publisher = {Springer-Verlag Berlin Heidelberg},
 title = {{CMSS -- An Improved Merkle Signature Scheme}},
 url = {dx.doi.org/10.1007/11941378{\_}25},
 year = {2006}
}
