@inproceedings{Rompel:1990:OFN:100216.100269,
 author = {Rompel, J.},
 title = {One-way Functions Are Necessary and Sufficient for Secure Signatures},
 booktitle = {Proceedings of the Twenty-second Annual ACM Symposium on Theory of Computing},
 series = {STOC '90},
 year = {1990},
 isbn = {0-89791-361-2},
 location = {Baltimore, Maryland, USA},
 pages = {387--394},
 numpages = {8},
 url = {http://doi.acm.org/10.1145/100216.100269},
 doi = {10.1145/100216.100269},
 acmid = {100269},
 publisher = {ACM},
 address = {New York, NY, USA},
}

@misc{cryptoeprint:2005:328,
 author = {Jonathan Katz and Chiu-Yuen Koo},
 title = {On Constructing Universal One-Way Hash Functions from Arbitrary One-Way Functions},
 howpublished = {Cryptology ePrint Archive, Report 2005/328},
 year = {2005},
 note = {\url{http://eprint.iacr.org/2005/328}},
}

@book{Goldreich2004,
 address = {New York, NY, USA},
 author = {Goldreich, Oded},
 isbn = {0521830842},
 publisher = {Cambridge University Press},
 title = {{Foundations of Cryptography: Volume 2, Basic Applications}},
 year = {2004}
}
