@article{shor1999polynomial,
 title = {{Polynomial-time algorithms for prime factorization
  and discrete logarithms on a quantum computer}},
 author = {Shor, Peter W.},
 journal = {SIAM Review},
 volume = {41},
 number = {2},
 pages = {303--332},
 year = {1999},
 publisher = {SIAM},
 url = {https://doi.org/10.1137/S0036144598347011},
}

@incollection{Merkle1990,
 doi = {10.1007/0-387-34805-0_21},
 url = {https://doi.org/10.1007/0-387-34805-0_21},
 publisher = {Springer New York},
 pages = {218--238},
 author = {Ralph C. Merkle},
 title = {A Certified Digital Signature},
 booktitle = {Advances in Cryptology {\textemdash} {CRYPTO}' 89 Proceedings},
 year = {1989},
}

@article{Lamport1979,
 author = {Lamport, Leslie},
 journal = {SRI International},
 title = {{Constructing Digital Signatures from a One Way Function}},
 url = {https://www.microsoft.com/en-us/research/publication/constructing-digital-signatures-one-way-function/},
 year = {1979}
}

@incollection{Bernstein2015,
  doi = {10.1007/978-3-662-46800-5_15},
  url = {https://doi.org/10.1007/978-3-662-46800-5_15},
  year = {2015},
  publisher = {Springer-Verlag Berlin Heidelberg},
  pages = {368--397},
  author = {Daniel J. Bernstein and Daira Hopwood and Andreas Hülsing
   and Tanja Lange and Ruben Niederhagen and Louiza Papachristodoulou
   and Michael Schneider and Peter Schwabe and Zooko Wilcox-O'Hearn},
  title = {{SPHINCS}: Practical Stateless Hash-Based Signatures},
  booktitle = {Advances in Cryptology -- {EUROCRYPT} 2015}
}

@inproceedings{Buchmann2011,
 address = {Taipei, Taiwan},
 author = {Johannes Buchmann and Erik Dahmen and Andreas Hülsing},
 booktitle = {PQCrypto 2011},
 doi = {10.1007/978-3-642-25405-5_8},
 editor = {{Bo-Yin} Yang},
 isbn = {9783642254048},
 pages = {117--129},
 publisher = {Springer-Verlag Berlin Heidelberg},
 title = {{XMSS -- A practical forward secure signature scheme
  based on minimal security assumptions}},
 url = {https://doi.org/10.1007/978-3-642-25405-5_8},
 year = {2011}
}
